
@inproceedings{machinelearning,
author = {Dios Kurniawan},
year = {2020},
month = {},
pages = {},
title = {},
isbn = {978-623-00-2174-9},
doi = {10.1007/978-981-10-3614-9_34}
}


@article{sugiyono2013metode,
  title={Metode penelitian pendidikan pendekatan kuantitatif, kualitatif dan R\&D},
  author={Sugiyono, Dr},
  journal={},
  volume={},
  pages={},
  year={2013},
  publisher={Alfabeta}
}

@Book{machinelearning,
Year = 2020,
Author = "Dios Kurniawan",
Title = "Pengenalan Machine Learning dengan Python ",
Publisher = "{PT Elex Media Komputindo}",
Address = "Jakarta"}
